<?xml version="1.0" encoding="UTF-8"?><record xmlns="http://www.loc.gov/MARC21/slim" xmlns:cinclude="http://apache.org/cocoon/include/1.0" xmlns:zs="http://www.loc.gov/zing/srw/">
  <leader>00445nz  a2200133n  4500</leader>
  <controlfield tag="001">n 2007005786</controlfield>
  <controlfield tag="003">DLC</controlfield>
  <controlfield tag="005">20070125075040.0</controlfield>
  <controlfield tag="008">070124n| acannaabn          |a aaa      </controlfield>
  <datafield tag="010" ind1=" " ind2=" ">
    <subfield code="a">n 2007005786</subfield>
  </datafield>
  <datafield tag="040" ind1=" " ind2=" ">
    <subfield code="a">DLC</subfield>
    <subfield code="b">eng</subfield>
    <subfield code="c">DLC</subfield>
  </datafield>
  <datafield tag="100" ind1="1" ind2=" ">
    <subfield code="a">Triclinius, Demetrius.</subfield>
    <subfield code="t">Scholia metrica in Sophoclis tetradem</subfield>
  </datafield>
  <datafield tag="400" ind1="1" ind2=" ">
    <subfield code="a">Triclinius, Demetrius.</subfield>
    <subfield code="t">Scolii metrici alla tetrade sofoclea</subfield>
  </datafield>
  <datafield tag="670" ind1=" " ind2=" ">
    <subfield code="a">Triclinius, Demetrius. Scolii metrici alla tetrade sofoclea, 2005</subfield>
  </datafield>
</record>